@techreport{iso90,
type = {Standard},
key = {ISO/IEC 9899:1990},
month={Dec},
year = {1990},
title = {{Programming languages â€” C}},
institution = {International Organization for Standardization}
}

@misc{pts,
  title={Phoronix Test Suite},
  note={\url{https://www.phoronix-test-suite.com/}, last visited
\today},
} 
