@techreport{iso90,
type = {Standard},
key = {ISO/IEC 9899:1990},
month={Dec},
year = {1990},
title = {{Programming languages — C}},
institution = {International Organization for Standardization}
}

@misc{pts,
  title={Phoronix Test Suite},
  note={\url{https://www.phoronix-test-suite.com/}, last visited
\today},
} 

@inproceedings{eb,
  title={Correct and incorrect code, and "erroneous behaviour"},
  author={Thomas Köppe},
  note={\url{https://isocpp.org/files/papers/D2795R0.html}, last visited
\today},
  booktitle={ISO/IEC JTC1 SC22 WG21 D2795R0},
  year={2023}
}

@Book{c17,
  author =       "{ISO}",
  title =        "{ISO\slash IEC 9899:2018 Information technology ---
                 Programming languages --- C}",
  publisher =    pub-ISO,
  address =      pub-ISO:adr,
  edition =      "Fourth",
  pages =        "520",
  month =        jun,
  year =         "2018",
  ISBN =         "????",
  ISBN-13 =      "????",
  LCCN =         "????",
  bibdate =      "Fri May 22 19:13:54 2020",
  bibsource =    "http://www.math.utah.edu/pub/tex/bib/isostd.bib",
  URL =          "https://www.iso.org/standard/68564.html",
  acknowledgement = ack-nhfb,
  remark =       "Revises ISO/IEC 9899:2011.",
}


@Book{cpp17,
  author =       "{ISO}",
  title =        "{ISO\slash IEC 14882:2017 Information technology ---
                 Programming languages --- C++}",
  publisher =    pub-ISO,
  address =      pub-ISO:adr,
  edition =      "Fifth",
  pages =        "1605",
  month =        dec,
  year =         "2017",
  ISBN =         "????",
  ISBN-13 =      "????",
  LCCN =         "????",
  bibdate =      "Wed Feb 21 06:49:12 2018",
  bibsource =    "http://www.math.utah.edu/pub/tex/bib/isostd.bib",
  URL =          "https://www.iso.org/standard/68564.html",
  acknowledgement = ack-nhfb,
  remark =       "Revises ISO/IEC 14882:2014.",
}
