@techreport{iso90,
type = {Standard},
key = {ISO/IEC 9899:1990},
month={Dec},
year = {1990},
title = {{Programming languages — C}},
institution = {International Organization for Standardization}
}

@inproceedings{wang2012undefined,
  title={Undefined behavior: what happened to my code?},
  author={Wang, Xi and Chen, Haogang and Cheung, Alvin and Jia, Zhihao
and Zeldovich, Nickolai and Kaashoek, M Frans},
  booktitle={Proceedings of the Asia-Pacific Workshop on Systems},
  pages={1--7},
  year={2012}
}

@misc{ritchiecomp,
  title={Very early C compilers and language},
  note={\url{https://www.bell-labs.com/usr/dmr/www/primevalC.html}, last visited
\today},
  journal={Bell Labs}
} 

@misc{vallat,
  title={Compilers in {OpenBSD}},
  note={\url{https://marc.info/?l=openbsd-misc&m=137530560232232&w=2}, last visited
\today},
  journal={{OpenBSD} mailing list}
} 

@misc{checks2008,
  title={cert/cc vulnerability note vu162289},
  note={\url{https://www.kb.cert.org/vuls/id/162289/}, last visited
\today},
  journal={vu162289 - c compilers may silently discard some wraparound
checks},
  year={2008},
  month={apr},
} 

@inproceedings{d2015correctness,
  title={The correctness-security gap in compiler optimization},
  author={D'Silva, Vijay and Payer, Mathias and Song, Dawn},
  booktitle={2015 IEEE Security and Privacy Workshops},
  pages={73--87},
  year={2015},
  organization={IEEE}
}

@misc{funnull,
  title={Fun with {NULL} pointers, part 1},
  note={\url{https://lwn.net/Articles/342330/}, last visited \today},
  journal={LWN},
  year={2009},
  month={July},
} 

@misc{ubo1sol,
  title={Solution for {UB} from Listing~\ref{lst:ubo1}},
  note={\url{https://github.com/torvalds/linux/commit/e87c5e35a92e045de75fb6ae9846a38bdd0f92bd}, last visited \today},
  journal={Github},
  year={2012},
  month={Feb},
} 

@misc{junkdbsd,
  title={{DragonFlyBSD} solution to srandomdev vulnerability},
  note={\url{https://github.com/DragonFlyBSD/DragonFlyBSD/commit/ebbb4b97bba5f71fea11be7f7df933ecaf76a6e5#diff-045a36943e1f0636c8c83adfc7bd60f403f4538e58a43a439621f8359ab4ccae}, last visited \today},
  journal={Github},
  year={2013},
  month={Oct},
} 

@misc{junkfbsd,
  title={{FreeBSD} solution to srandomdev vulnerability},
  note={\url{https://github.com/freebsd/freebsd-src/commit/6a762eb23ea5f31e65cfa12602937f39a14e9b0c}, last visited \today},
  journal={Github},
  year={2012},
  month={Oct},
} 

@misc{junkobsd,
  title={{OpenBSD} solution to srandomdev vulnerability},
  note={\url{https://github.com/openbsd/src/commit/99d815f892ce481695caf21f08f773f563820a66}, last visited \today},
  journal={Github},
  year={2022},
  month={Dec},
} 

@misc{ubo2sol,
  title={Solution for {UB} from Listing~\ref{lst:ubo2}},
  note={\url{https://marc.info/?l=openbsd-tech&m=164332561831177&w=2}, last visited \today},
  journal={marc.info},
  year={2022},
  month={Jan},
} 

@misc{ubo3sol,
  title={Solution for {UB} from Listing~\ref{lst:ubo3}},
  note={\url{https://marc.info/?l=openbsd-tech&m=147263379303192&w=2}, last visited \today},
  journal={marc.info},
  year={2016},
  month={Aug},
} 

@inproceedings{wang2013towards,
  title={Towards optimization-safe systems: Analyzing the impact of
undefined behavior},
  author={Wang, Xi and Zeldovich, Nickolai and Kaashoek, M Frans and
Solar-Lezama, Armando},
  booktitle={Proceedings of the Twenty-Fourth ACM Symposium on Operating
Systems Principles},
  pages={260--275},
  year={2013}
}

@article{lomont2003fast,
  title={Fast inverse square root},
  author={Lomont, Chris},
  journal={Tech-315 nical Report},
  volume={32},
  year={2003}
}

@misc{google2015, title={{BORINGCC}},
note={\url{https://groups.google.com/g/boring-crypto/c/48qa1kWignU/m/o8GGp2K1DAAJ},
last visited \today},
journal={Google}, publisher={Google}, year={2015}, month={Dec}} 

@inproceedings{ertl2015every,
  title={What every compiler writer should know about programmers or
Optimization based on undefined behaviour hurts performance},
  author={Ertl, M Anton},
  booktitle={Kolloquium Programmiersprachen und Grundlagen der
Programmierung (KPS 2015)},
  year={2015}
}

@misc{regehr2014,
  title={Proposal for a Friendly Dialect of C},
  note={\url{https://blog.regehr.org/archives/1180}, last visited \today},
  journal={Embedded in Academia},
  author={Regehr, John},
  year={2014},
  month={Aug}
} 

@misc{regehrfermat,
  title={C Compilers Disprove Fermat’s Last Theorem},
  note={\url{https://blog.regehr.org/archives/140}, last visited \today},
  journal={Embedded in Academia},
  author={Regehr, John},
  year={2014},
  month={Aug}
} 

@misc{chen2014,
  title={Undefined behavior can result in time travel},
  note={\url{https://devblogs.microsoft.com/oldnewthing/20140627-00/?p=633},
last visited \today},
  journal={The Old New Thing},
  author={Chen, Raymond},
  year={2014},
  month={June}
} 

@misc{mitreub,
  title={CVE Records on Undefined Behavior Vulnerabilities},
  note={\url{https://cve.mitre.org/cgi-bin/cvekey.cgi?keyword=undefined+behavior},
last visited \today},
  year={2022}
} 

@misc{mitre20200452,
  title={{CVE-2020-0452}},
  note={\url{https://cve.mitre.org/cgi-bin/cvename.cgi?name=CVE-2020-0452},
last visited \today},
  year={2020}
} 

@misc{linusgcc,
  title={Re: \[isocpp-parallel\] Proposal for new memory\_order\_consume
definition},
  note={\url{https://gcc.gnu.org/legacy-ml/gcc/2016-02/msg00381.html},
last visited \today},
  year={2016}
} 

@inproceedings{hathhorn2015defining,
  title={Defining the undefinedness of C},
  author={Hathhorn, Chris and Ellison, Chucky and Ro{\c{s}}u, Grigore},
  booktitle={Proceedings of the 36th ACM SIGPLAN Conference on
Programming Language Design and Implementation},
  pages={336--345},
  year={2015}
}

@article{dietz2015understanding,
  title={Understanding integer overflow in {C/C++}},
  author={Dietz, Will and Li, Peng and Regehr, John and Adve, Vikram},
  journal={ACM Transactions on Software Engineering and Methodology
(TOSEM)},
  volume={25},
  number={1},
  pages={1--29},
  year={2015},
  publisher={ACM New York, NY, USA}
}

@misc{ubsan,
  title={Undefined Behavior Sanitizer},
  note={\url{https://clang.llvm.org/docs/UndefinedBehaviorSanitizer.html},
last visited \today},
  year={2022}
} 

@article{sipser1996introduction,
  title={Introduction to the Theory of Computation},
  author={Sipser, Michael},
  journal={ACM Sigact News},
  volume={27},
  number={1},
  pages={27--29},
  year={1996},
  publisher={ACM New York, NY, USA}
}

@article{cifuentes1995decompilation,
  title={Decompilation of binary programs},
  author={Cifuentes, Cristina and Gough, K John},
  journal={Software: Practice and Experience},
  volume={25},
  number={7},
  pages={811--829},
  year={1995},
  publisher={Wiley Online Library}
}

@misc{fermatub,
  title={Undefined Behavior and Fermat's Last Theorem},
  note={\url{https://web.archive.org/web/20201108094235/https://kukuruku.co/post/undefined-behavior-and-fermats-last-theorem/},
last visited \today},
  year={2015},
  month={March}
} 

@misc{fnodeletelinux,
  title={Add -fno-delete-null-pointer-checks to {GCC CFLAGS}},
  note={\url{https://git.kernel.org/pub/scm/linux/kernel/git/torvalds/linux.git/commit/?id=a3ca86aea507904148870946d599e07a340b39bf},
last visited \today},
  year={2009},
  month={July}
} 

@misc{obsdhw,
  title={{OpenBSD} Platforms},
  note={\url{https://www.openbsd.org/plat.html}, last visited \today},
} 

@misc{obsdmainp,
  title={{OpenBSD}},
  note={\url{https://www.openbsd.org/}, last visited \today},
} 

@article{lee2017taming,
  title={Taming undefined behavior in LLVM},
  author={Lee, Juneyoung and Kim, Yoonseung and Song, Youngju and Hur,
Chung-Kil and Das, Sanjoy and Majnemer, David and Regehr, John and
Lopes, Nuno P},
  journal={ACM SIGPLAN Notices},
  volume={52},
  number={6},
  pages={633--647},
  year={2017},
  publisher={ACM New York, NY, USA}
}

@inproceedings{yodaiken2021iso,
  title={How ISO C became unusable for operating systems development},
  author={Yodaiken, Victor},
  booktitle={Proceedings of the 11th Workshop on Programming Languages
and Operating Systems},
  pages={84--90},
  year={2021}
}

@inproceedings{kell2017some,
  title={Some were meant for C: the endurance of an unmanageable
language},
  author={Kell, Stephen},
  booktitle={Proceedings of the 2017 ACM SIGPLAN International Symposium
on New Ideas, New Paradigms, and Reflections on Programming and
Software},
  pages={229--245},
  year={2017}
}

@article{gollwitzer1993goal,
  title={Goal achievement: The role of intentions},
  author={Gollwitzer, Peter M},
  journal={European review of social psychology},
  volume={4},
  number={1},
  pages={141--185},
  year={1993},
  publisher={Taylor \& Francis}
}

@misc{gcc10benck,
  title={GCC 10.1 Compiler Optimization Benchmarks},
  note={\url{https://www.phoronix.com/news/GCC-10.1-Compiler-Optimizations}, last visited
\today},
  journal={phoronix},
  year={2020},
  month={May},
} 

@misc{gcc11bench,
  title={GCC 11 Compiler Performance Benchmarks With Various
Optimization Levels, LTO},
  note={\url{https://www.phoronix.com/review/gcc11-rocket-opts}, last visited
\today},
  journal={phoronix},
  year={2021},
  month={June},
} 

@inproceedings{lopes2021alive2,
  title={Alive2: bounded translation validation for LLVM},
  author={Lopes, Nuno P and Lee, Juneyoung and Hur, Chung-Kil and Liu,
Zhengyang and Regehr, John},
  booktitle={Proceedings of the 42nd ACM SIGPLAN International
Conference on Programming Language Design and Implementation},
  pages={65--79},
  year={2021}
}

@misc{phoronix,
  title={{Phoronix Test Suite}},
  note={\url{https://www.phoronix-test-suite.com/}, last visited \today},
} 

@misc{geekbench,
  title={Geekbench},
  note={\url{https://www.geekbench.com/}, last visited \today},
} 

@misc{cgbuilder,
  title={{clang::CodeGen::CGBuilderTy Class Reference}},
  note={\url{https://clang.llvm.org/doxygen/classclang_1_1CodeGen_1_1CGBuilderTy.html}, last visited \today},
} 
